
  <record>
    <leader>01000aam  22002601a 4500</leader>
    <controlfield tag="001">YPZ407</controlfield>
    <controlfield tag="003">YPZ</controlfield>
    <controlfield tag="005">200404290000000</controlfield>
    <controlfield tag="008">040429|###########||||||b||||||||||spa|d</controlfield>
    <datafield tag="040" ind1=" " ind2=" ">
      <subfield code="c">SIUNPA</subfield>
    </datafield>
    <datafield tag="041" ind1=" " ind2=" ">
      <subfield code="a">spa</subfield>
    </datafield>
    <datafield tag="044" ind1=" " ind2=" ">
      <subfield code="a">AR</subfield>
    </datafield>
    <datafield tag="080" ind1=" " ind2=" ">
      <subfield code="a">94(4) T758t 1993</subfield>
    </datafield>
    <datafield tag="110" ind1=" " ind2=" ">
      <subfield code="a">Instituto Universitario de Santa Cruz. Cátedra de Historia Moderna.</subfield>
    </datafield>
    <datafield tag="245" ind1=" " ind2=" ">
      <subfield code="a">Trabajos monográficos de historia moderna</subfield>
      <subfield code="c"> / Topcic, D. Osvaldo, comp. ; Pertierra, Carlos, comp.</subfield>
    </datafield>
    <datafield tag="260" ind1=" " ind2=" ">
      <subfield code="a">Río Gallegos</subfield>
      <subfield code="c"> , 1993</subfield>
    </datafield>
    <datafield tag="500" ind1=" " ind2=" ">
      <subfield code="a">Trabajos realizados por alumnos del profesorado de historia moderna del años 1987 hasta 1993</subfield>
    </datafield>
    <datafield tag="650" ind1=" " ind2=" ">
      <subfield code="a"> HISTORIA MODERNA</subfield>
    </datafield>
    <datafield tag="650" ind1=" " ind2=" ">
      <subfield code="a"> EUROPA</subfield>
    </datafield>
    <datafield tag="942" ind1=" " ind2=" ">
      <subfield code="c">MN</subfield>
    </datafield>
    <datafield tag="952" ind1=" " ind2=" ">
      <subfield code="a">BIB_RECT</subfield>
      <subfield code="b">BIB_UACO</subfield>
      <subfield code="d">2006-05-09</subfield>
      <subfield code="y">MN</subfield>
      <subfield code="p">02-30334</subfield>
      <subfield code="i">02-30334</subfield>
      <subfield code="g">30</subfield>
      <subfield code="o">94(4) T758t 1993</subfield>
      <subfield code="e">UACO</subfield>
      <subfield code="8">CG</subfield>
    </datafield>
    <datafield tag="952" ind1=" " ind2=" ">
      <subfield code="a">BIB_RECT</subfield>
      <subfield code="b">BIB_UART</subfield>
      <subfield code="d">2006-11-20</subfield>
      <subfield code="y">MN</subfield>
      <subfield code="p">03-00001</subfield>
      <subfield code="i">03-00001</subfield>
      <subfield code="g">0</subfield>
      <subfield code="o">94(4) T758t 1993</subfield>
      <subfield code="e">UFPA</subfield>
      <subfield code="8">CG</subfield>
    </datafield>
    <datafield tag="952" ind1=" " ind2=" ">
      <subfield code="a">BIB_RECT</subfield>
      <subfield code="b">BIB_UART</subfield>
      <subfield code="d">2005-08-23</subfield>
      <subfield code="y">MN</subfield>
      <subfield code="p">03-23904</subfield>
      <subfield code="i">03-23904</subfield>
      <subfield code="g">30</subfield>
      <subfield code="o">94(4) T758t 1993</subfield>
      <subfield code="e">Donación</subfield>
      <subfield code="8">CG</subfield>
    </datafield>
    <datafield tag="952" ind1=" " ind2=" ">
      <subfield code="a">BIB_RECT</subfield>
      <subfield code="b">BIB_UASJ</subfield>
      <subfield code="d">2006-05-17</subfield>
      <subfield code="y">MN</subfield>
      <subfield code="p">04-30408</subfield>
      <subfield code="i">04-30408</subfield>
      <subfield code="g">30</subfield>
      <subfield code="o">94(4) T758t 1993</subfield>
      <subfield code="e">UASJ</subfield>
      <subfield code="8">CG</subfield>
    </datafield>
    <datafield tag="952" ind1=" " ind2=" ">
      <subfield code="a">BIB_RECT</subfield>
      <subfield code="b">BIB_UARG</subfield>
      <subfield code="d">2008-02-22</subfield>
      <subfield code="y">MN</subfield>
      <subfield code="p">05-34341</subfield>
      <subfield code="i">05-34341</subfield>
      <subfield code="g">59</subfield>
      <subfield code="o">94(4) T758t 1993</subfield>
      <subfield code="e">Donación</subfield>
      <subfield code="8">CG</subfield>
    </datafield>
    <datafield tag="952" ind1=" " ind2=" ">
      <subfield code="a">BIB_RECT</subfield>
      <subfield code="b">BIB_UARG</subfield>
      <subfield code="d">2008-02-22</subfield>
      <subfield code="y">MN</subfield>
      <subfield code="p">05-34344</subfield>
      <subfield code="i">05-34344</subfield>
      <subfield code="g">59</subfield>
      <subfield code="o">94(4) T758t 1993</subfield>
      <subfield code="e">Donación</subfield>
      <subfield code="8">CG</subfield>
    </datafield>
    <datafield tag="952" ind1=" " ind2=" ">
      <subfield code="a">BIB_RECT</subfield>
      <subfield code="b">BIB_UARG</subfield>
      <subfield code="d">2010-09-13</subfield>
      <subfield code="y">MN</subfield>
      <subfield code="p">05-39873</subfield>
      <subfield code="i">05-39873</subfield>
      <subfield code="g">45</subfield>
      <subfield code="o">94(4) T758t 1993</subfield>
      <subfield code="e">Donación</subfield>
      <subfield code="8">CG</subfield>
    </datafield>
  </record>