
  <record>
    <leader>01000aam  22002601a 4500</leader>
    <controlfield tag="001">YPZ9638</controlfield>
    <controlfield tag="003">YPZ</controlfield>
    <controlfield tag="005">200608041029590</controlfield>
    <controlfield tag="008">060804|###########||||||b||||||||||spa|d</controlfield>
    <datafield tag="040" ind1=" " ind2=" ">
      <subfield code="c">SIUNPA</subfield>
    </datafield>
    <datafield tag="041" ind1=" " ind2=" ">
      <subfield code="a">spa</subfield>
    </datafield>
    <datafield tag="044" ind1=" " ind2=" ">
      <subfield code="a">AR</subfield>
    </datafield>
    <datafield tag="080" ind1=" " ind2=" ">
      <subfield code="a">532 F386m</subfield>
    </datafield>
    <datafield tag="100" ind1=" " ind2=" ">
      <subfield code="a">Ferrero, Juan Carlos.</subfield>
    </datafield>
    <datafield tag="245" ind1=" " ind2=" ">
      <subfield code="a">Mecánica de fluidos</subfield>
    </datafield>
    <datafield tag="260" ind1=" " ind2=" ">
      <subfield code="a">Caleta Olivia</subfield>
      <subfield code="c"> , [1999?]</subfield>
    </datafield>
    <datafield tag="300" ind1=" " ind2=" ">
      <subfield code="a">15 h. : </subfield>
      <subfield code="b">gráf. ; </subfield>
      <subfield code="a">53 h. : </subfield>
      <subfield code="a">7 h. : </subfield>
      <subfield code="b">cuadros ; </subfield>
      <subfield code="a">[8] h. : </subfield>
      <subfield code="b">cuadros ; </subfield>
      <subfield code="a">10 h. : </subfield>
      <subfield code="a">4 h. : </subfield>
      <subfield code="a">[6] h. : </subfield>
      <subfield code="a">6 h. : </subfield>
      <subfield code="a">[6] h. : </subfield>
      <subfield code="a">[7] h. : </subfield>
      <subfield code="a">18 h. : </subfield>
      <subfield code="b">il. ; </subfield>
      <subfield code="a">13 h. : </subfield>
      <subfield code="b">il. ; </subfield>
      <subfield code="a">189 p. : </subfield>
      <subfield code="b">il. ; </subfield>
      <subfield code="a">36 h. en varias paginaciones : </subfield>
      <subfield code="b">il. ; </subfield>
      <subfield code="e">4 h. sueltas en folio</subfield>
    </datafield>
    <datafield tag="500" ind1=" " ind2=" ">
      <subfield code="a">Trabajo para la cátedra Mecánica de fluidos, UACO</subfield>
    </datafield>
    <datafield tag="650" ind1=" " ind2=" ">
      <subfield code="a"> MECANICA DE LOS FLUIDOS</subfield>
    </datafield>
    <datafield tag="650" ind1=" " ind2=" ">
      <subfield code="a"> HIDROSTATICA</subfield>
    </datafield>
    <datafield tag="650" ind1=" " ind2=" ">
      <subfield code="a"> HIDRODINAMICA</subfield>
    </datafield>
    <datafield tag="942" ind1=" " ind2=" ">
      <subfield code="c">MN</subfield>
    </datafield>
    <datafield tag="952" ind1=" " ind2=" ">
      <subfield code="a">BIB_RECT</subfield>
      <subfield code="b">BIB_UACO</subfield>
      <subfield code="d">2006-05-09</subfield>
      <subfield code="y">MN</subfield>
      <subfield code="p">02-30327</subfield>
      <subfield code="i">02-30327</subfield>
      <subfield code="g">6</subfield>
      <subfield code="o">532 F386m</subfield>
      <subfield code="e">UACO</subfield>
      <subfield code="8">CG</subfield>
    </datafield>
  </record>