
  <record>
    <leader>01000aam  22002601a 4500</leader>
    <controlfield tag="001">YPZ16677</controlfield>
    <controlfield tag="003">YPZ</controlfield>
    <controlfield tag="005">200611151103290</controlfield>
    <controlfield tag="008">061115|###########||||||b||||||||||spa|d</controlfield>
    <datafield tag="040" ind1=" " ind2=" ">
      <subfield code="c">SIUNPA</subfield>
    </datafield>
    <datafield tag="041" ind1=" " ind2=" ">
      <subfield code="a">spa</subfield>
    </datafield>
    <datafield tag="044" ind1=" " ind2=" ">
      <subfield code="a">AR</subfield>
    </datafield>
    <datafield tag="080" ind1=" " ind2=" ">
      <subfield code="a">004.414.2 C758v</subfield>
    </datafield>
    <datafield tag="100" ind1=" " ind2=" ">
      <subfield code="a">Constanzo, Marcela.</subfield>
    </datafield>
    <datafield tag="700" ind1=" " ind2=" ">
      <subfield code="a">Miranda, Mirtha.</subfield>
    </datafield>
    <datafield tag="700" ind1=" " ind2=" ">
      <subfield code="a">Vidal, Graciela.</subfield>
    </datafield>
    <datafield tag="245" ind1=" " ind2=" ">
      <subfield code="a">Video club Carol</subfield>
      <subfield code="b"> : proyecto final</subfield>
    </datafield>
    <datafield tag="260" ind1=" " ind2=" ">
      <subfield code="a">Río Gallegos</subfield>
      <subfield code="c"> , 2001</subfield>
    </datafield>
    <datafield tag="300" ind1=" " ind2=" ">
      <subfield code="a">18 h. : </subfield>
      <subfield code="a">29 h. : </subfield>
      <subfield code="b">il. ; </subfield>
      <subfield code="a">67 h. : </subfield>
      <subfield code="b">il. ; </subfield>
      <subfield code="a">40 p. : </subfield>
      <subfield code="b">il. ; </subfield>
      <subfield code="a">26 p. : </subfield>
      <subfield code="a">58, 59 h. : </subfield>
      <subfield code="b">il. ; </subfield>
      <subfield code="a">[53] h. : </subfield>
      <subfield code="a">25 h. : </subfield>
      <subfield code="a">20 h. : </subfield>
      <subfield code="a">74 p. : </subfield>
      <subfield code="b">il. ; </subfield>
      <subfield code="a">[176] h. : </subfield>
      <subfield code="b">il. ; </subfield>
      <subfield code="a">32 h. : </subfield>
      <subfield code="b">il. ; </subfield>
      <subfield code="a">34 h. : </subfield>
      <subfield code="b">il. ; </subfield>
      <subfield code="a">33 p. : </subfield>
      <subfield code="b">il. ; </subfield>
      <subfield code="a">33 p. : </subfield>
      <subfield code="a">2 v. (103, 102 h.) : </subfield>
      <subfield code="b">il. ; </subfield>
      <subfield code="a">86 p. : </subfield>
      <subfield code="b">il. ; </subfield>
      <subfield code="a">154 h. : </subfield>
      <subfield code="b">il. ; </subfield>
      <subfield code="a">12, 78 h. : </subfield>
      <subfield code="b">il. ; </subfield>
      <subfield code="a">4 v. : </subfield>
      <subfield code="b">il. ; </subfield>
      <subfield code="e">1 CD-ROM, 2 disquete (3½)</subfield>
    </datafield>
    <datafield tag="500" ind1=" " ind2=" ">
      <subfield code="a">Proyecto final (Analista de sistemas) - Universidad Nacional de la Patagonia Austral, 2001</subfield>
    </datafield>
    <datafield tag="505" ind1=" " ind2=" ">
      <subfield code="a">Contiene: Parte 1, Proyecto final -- Parte 2, Diseño del Sistema -- Parte 3, Codificación -- Anexo: Manual del usuario</subfield>
    </datafield>
    <datafield tag="650" ind1=" " ind2=" ">
      <subfield code="a"> PROYECTO INFORMATICO</subfield>
    </datafield>
    <datafield tag="650" ind1=" " ind2=" ">
      <subfield code="a"> DISEÑO DE SISTEMAS</subfield>
    </datafield>
    <datafield tag="650" ind1=" " ind2=" ">
      <subfield code="a"> BASES DE DATOS</subfield>
    </datafield>
    <datafield tag="942" ind1=" " ind2=" ">
      <subfield code="c">MN</subfield>
    </datafield>
    <datafield tag="952" ind1=" " ind2=" ">
      <subfield code="a">BIB_RECT</subfield>
      <subfield code="b">BIB_UARG</subfield>
      <subfield code="d">2006-10-09</subfield>
      <subfield code="y">MN</subfield>
      <subfield code="p">05-30976</subfield>
      <subfield code="i">05-30976</subfield>
      <subfield code="g">8</subfield>
      <subfield code="o">004.414.2 C758v</subfield>
      <subfield code="e">Donación</subfield>
      <subfield code="8">CG</subfield>
    </datafield>
    <datafield tag="952" ind1=" " ind2=" ">
      <subfield code="a">BIB_RECT</subfield>
      <subfield code="b">BIB_UARG</subfield>
      <subfield code="d">2006-10-09</subfield>
      <subfield code="y">MN</subfield>
      <subfield code="p">05-30977</subfield>
      <subfield code="i">05-30977</subfield>
      <subfield code="g">8</subfield>
      <subfield code="o">004.414.2 C758v</subfield>
      <subfield code="e">Donación</subfield>
      <subfield code="8">CG</subfield>
    </datafield>
    <datafield tag="952" ind1=" " ind2=" ">
      <subfield code="a">BIB_RECT</subfield>
      <subfield code="b">BIB_UARG</subfield>
      <subfield code="d">2006-10-09</subfield>
      <subfield code="y">MN</subfield>
      <subfield code="p">05-30978</subfield>
      <subfield code="i">05-30978</subfield>
      <subfield code="g">8</subfield>
      <subfield code="o">004.414.2 C758v</subfield>
      <subfield code="e">Donación</subfield>
      <subfield code="8">CG</subfield>
    </datafield>
    <datafield tag="952" ind1=" " ind2=" ">
      <subfield code="a">BIB_RECT</subfield>
      <subfield code="b">BIB_UARG</subfield>
      <subfield code="d">2006-10-09</subfield>
      <subfield code="y">MN</subfield>
      <subfield code="p">05-30979</subfield>
      <subfield code="i">05-30979</subfield>
      <subfield code="g">8</subfield>
      <subfield code="o">004.414.2 C758v</subfield>
      <subfield code="e">Donación</subfield>
      <subfield code="8">CG</subfield>
    </datafield>
  </record>