
  <record>
    <leader>01000aam  22002601a 4500</leader>
    <controlfield tag="001">YPZ87945</controlfield>
    <controlfield tag="003">YPZ</controlfield>
    <controlfield tag="005">200803281207260</controlfield>
    <controlfield tag="008">080328|###########||||||b||||||||||spa|d</controlfield>
    <datafield tag="040" ind1=" " ind2=" ">
      <subfield code="c">SIUNPA</subfield>
    </datafield>
    <datafield tag="041" ind1=" " ind2=" ">
      <subfield code="a">spa</subfield>
    </datafield>
    <datafield tag="044" ind1=" " ind2=" ">
      <subfield code="a">AR</subfield>
    </datafield>
    <datafield tag="080" ind1=" " ind2=" ">
      <subfield code="a">004.43 C186c</subfield>
    </datafield>
    <datafield tag="100" ind1=" " ind2=" ">
      <subfield code="a">Campagnon, Costanza.</subfield>
    </datafield>
    <datafield tag="245" ind1=" " ind2=" ">
      <subfield code="a">C#</subfield>
    </datafield>
    <datafield tag="260" ind1=" " ind2=" ">
      <subfield code="a">Río Gallegos</subfield>
      <subfield code="c"> , 2005</subfield>
    </datafield>
    <datafield tag="500" ind1=" " ind2=" ">
      <subfield code="a">Trabajo de examen final (Licenciatura en sistemas) - Universidad Nacional de la Patagonia Austral, 2005</subfield>
    </datafield>
    <datafield tag="650" ind1=" " ind2=" ">
      <subfield code="a"> LENGUAJE DE PROGRAMACION</subfield>
    </datafield>
    <datafield tag="650" ind1=" " ind2=" ">
      <subfield code="a"> LENGUAJE C#</subfield>
    </datafield>
    <datafield tag="942" ind1=" " ind2=" ">
      <subfield code="c">MN</subfield>
    </datafield>
    <datafield tag="952" ind1=" " ind2=" ">
      <subfield code="a">BIB_RECT</subfield>
      <subfield code="b">BIB_UARG</subfield>
      <subfield code="d">2008-03-26</subfield>
      <subfield code="y">MN</subfield>
      <subfield code="p">05-34791</subfield>
      <subfield code="i">05-34791</subfield>
      <subfield code="g">22</subfield>
      <subfield code="o">004.43 C186c</subfield>
      <subfield code="e">UARG</subfield>
      <subfield code="8">CG</subfield>
    </datafield>
  </record>