
  <record>
    <leader>01000aam  22002601a 4500</leader>
    <controlfield tag="001">YPZ87954</controlfield>
    <controlfield tag="003">YPZ</controlfield>
    <controlfield tag="005">200803281621580</controlfield>
    <controlfield tag="008">080328|###########||||||b||||||||||spa|d</controlfield>
    <datafield tag="040" ind1=" " ind2=" ">
      <subfield code="c">SIUNPA</subfield>
    </datafield>
    <datafield tag="041" ind1=" " ind2=" ">
      <subfield code="a">spa</subfield>
    </datafield>
    <datafield tag="044" ind1=" " ind2=" ">
      <subfield code="a">AR</subfield>
    </datafield>
    <datafield tag="080" ind1=" " ind2=" ">
      <subfield code="a">629.3.082.2 S491s</subfield>
    </datafield>
    <datafield tag="100" ind1=" " ind2=" ">
      <subfield code="a">Cortes, Estela.</subfield>
    </datafield>
    <datafield tag="700" ind1=" " ind2=" ">
      <subfield code="a">Murdoch, Hugo.</subfield>
    </datafield>
    <datafield tag="700" ind1=" " ind2=" ">
      <subfield code="a">Paez, Norma.</subfield>
    </datafield>
    <datafield tag="700" ind1=" " ind2=" ">
      <subfield code="a">Patzi, Adriana.</subfield>
    </datafield>
    <datafield tag="245" ind1=" " ind2=" ">
      <subfield code="a">Servicentro La Estación Esso</subfield>
      <subfield code="b"> : análisis, determinación y propuestas para la aplicación de un adecuado gerenciamiento ambiental</subfield>
    </datafield>
    <datafield tag="260" ind1=" " ind2=" ">
      <subfield code="a">Río Gallegos</subfield>
      <subfield code="c"> , 2005</subfield>
    </datafield>
    <datafield tag="500" ind1=" " ind2=" ">
      <subfield code="a">Monografía presentada a la cátedra Gerenciamiento Ambiental, Unidad Académica Río Gallegos</subfield>
    </datafield>
    <datafield tag="650" ind1=" " ind2=" ">
      <subfield code="a"> ESTACIONES DE SERVICIO</subfield>
    </datafield>
    <datafield tag="650" ind1=" " ind2=" ">
      <subfield code="a"> PROTECCION AMBIENTAL</subfield>
    </datafield>
    <datafield tag="650" ind1=" " ind2=" ">
      <subfield code="a"> COMBUSTIBLES</subfield>
    </datafield>
    <datafield tag="942" ind1=" " ind2=" ">
      <subfield code="c">MN</subfield>
    </datafield>
    <datafield tag="952" ind1=" " ind2=" ">
      <subfield code="a">BIB_RECT</subfield>
      <subfield code="b">BIB_UARG</subfield>
      <subfield code="d">2008-03-26</subfield>
      <subfield code="y">MN</subfield>
      <subfield code="p">05-34793</subfield>
      <subfield code="i">05-34793</subfield>
      <subfield code="g">20</subfield>
      <subfield code="o">629.3.082.2 S491s</subfield>
      <subfield code="e">UARG</subfield>
      <subfield code="8">CG</subfield>
    </datafield>
  </record>