
  <record>
    <leader>01000aam  22002601a 4500</leader>
    <controlfield tag="001">YPZ89060</controlfield>
    <controlfield tag="003">YPZ</controlfield>
    <controlfield tag="005">200806261155030</controlfield>
    <controlfield tag="008">080626|###########||||||b||||||||||spa|d</controlfield>
    <datafield tag="040" ind1=" " ind2=" ">
      <subfield code="c">SIUNPA</subfield>
    </datafield>
    <datafield tag="041" ind1=" " ind2=" ">
      <subfield code="a">spa</subfield>
    </datafield>
    <datafield tag="044" ind1=" " ind2=" ">
      <subfield code="a">AR</subfield>
    </datafield>
    <datafield tag="080" ind1=" " ind2=" ">
      <subfield code="a">F597.552.512 G942c</subfield>
    </datafield>
    <datafield tag="100" ind1=" " ind2=" ">
      <subfield code="a">Guglielminetti, Gastón Carlos.</subfield>
    </datafield>
    <datafield tag="245" ind1=" " ind2=" ">
      <subfield code="a">Caracterización biológica de la trucha marrón anádroma en la cuenca del Río Gallegos</subfield>
    </datafield>
    <datafield tag="260" ind1=" " ind2=" ">
      <subfield code="a">Río Gallegos</subfield>
      <subfield code="c"> , 2006</subfield>
    </datafield>
    <datafield tag="300" ind1=" " ind2=" ">
      <subfield code="a">17 h. : </subfield>
      <subfield code="b">il. ; </subfield>
      <subfield code="a">50 h. : </subfield>
      <subfield code="b">il. ; </subfield>
      <subfield code="a">[40] h. : </subfield>
      <subfield code="a">66 p. : </subfield>
      <subfield code="b">il. ; </subfield>
      <subfield code="a">[60] h. en varias foliaciones : </subfield>
      <subfield code="a">46 h. : </subfield>
      <subfield code="a">118 h. : </subfield>
      <subfield code="b">cuadros ; </subfield>
      <subfield code="a">261 p. : </subfield>
      <subfield code="b">il. ; </subfield>
      <subfield code="a">254 h. : </subfield>
      <subfield code="b">il. ; </subfield>
      <subfield code="a">144 h. : </subfield>
      <subfield code="b">il. ; </subfield>
      <subfield code="a">194 h. : </subfield>
      <subfield code="b">il. ; </subfield>
      <subfield code="a">37 h. : </subfield>
      <subfield code="b">il. ; </subfield>
      <subfield code="a">110, [19] h. : </subfield>
      <subfield code="b">il. ; </subfield>
      <subfield code="a">[ca. 60] h. : </subfield>
      <subfield code="b">il. ; </subfield>
      <subfield code="a">36 h. : </subfield>
      <subfield code="b">il. ; </subfield>
      <subfield code="a">35 h. : </subfield>
      <subfield code="b">il. ; </subfield>
      <subfield code="a">[40] h. en varias foliaciones : </subfield>
      <subfield code="b">il. ; </subfield>
      <subfield code="a">[89] h. en varias foliaciones : </subfield>
      <subfield code="b">il. ; </subfield>
      <subfield code="a">[26] h. : </subfield>
      <subfield code="b">il. ; </subfield>
      <subfield code="a">[102] h. en varias foliaciones : </subfield>
      <subfield code="b">il. ; </subfield>
      <subfield code="a">54 h. : </subfield>
      <subfield code="b">il. ; </subfield>
      <subfield code="a">[48] h. en varias foliaciones : </subfield>
      <subfield code="b">il. ; </subfield>
      <subfield code="a">[ca. 30] h. : </subfield>
      <subfield code="b">il. ; </subfield>
      <subfield code="a">76 h. : </subfield>
      <subfield code="b">il. ; </subfield>
      <subfield code="a">30 h. : </subfield>
      <subfield code="b">il. ; </subfield>
      <subfield code="a">21 h. : </subfield>
      <subfield code="b">il. ; </subfield>
      <subfield code="e">1 folleto (11 p.) en bolsillo</subfield>
    </datafield>
    <datafield tag="500" ind1=" " ind2=" ">
      <subfield code="a">Incluye: Proyecto trucha marrón en el Río Gallegos</subfield>
    </datafield>
    <datafield tag="500" ind1=" " ind2=" ">
      <subfield code="a">Trabajo de campo de IRNR -  UNPA - UARG</subfield>
    </datafield>
    <datafield tag="650" ind1=" " ind2=" ">
      <subfield code="a"> TRUCHA  SALMO TRUTTA</subfield>
    </datafield>
    <datafield tag="650" ind1=" " ind2=" ">
      <subfield code="a"> TRABAJO DE CAMPO</subfield>
    </datafield>
    <datafield tag="650" ind1=" " ind2=" ">
      <subfield code="a"> RIO GALLEGOS ( SANTA CRUZ)</subfield>
    </datafield>
    <datafield tag="942" ind1=" " ind2=" ">
      <subfield code="c">MN</subfield>
    </datafield>
    <datafield tag="952" ind1=" " ind2=" ">
      <subfield code="a">BIB_RECT</subfield>
      <subfield code="b">BIB_UARG</subfield>
      <subfield code="d">2008-06-18</subfield>
      <subfield code="y">MN</subfield>
      <subfield code="p">05-36075</subfield>
      <subfield code="i">05-36075</subfield>
      <subfield code="g">19</subfield>
      <subfield code="o">F597.552.512 G942c</subfield>
      <subfield code="e">Donación Guglielminetti, Gastón Carlos</subfield>
      <subfield code="8">CG</subfield>
    </datafield>
  </record>