
  <record>
    <leader>01000aam  22002601a 4500</leader>
    <controlfield tag="001">YPZ90746</controlfield>
    <controlfield tag="003">YPZ</controlfield>
    <controlfield tag="005">200903181139010</controlfield>
    <controlfield tag="008">090318|###########||||||b||||||||||spa|d</controlfield>
    <datafield tag="040" ind1=" " ind2=" ">
      <subfield code="c">SIUNPA</subfield>
    </datafield>
    <datafield tag="041" ind1=" " ind2=" ">
      <subfield code="a">spa</subfield>
    </datafield>
    <datafield tag="044" ind1=" " ind2=" ">
      <subfield code="a">AR</subfield>
    </datafield>
    <datafield tag="080" ind1=" " ind2=" ">
      <subfield code="a">F331.101.1 S127e</subfield>
    </datafield>
    <datafield tag="100" ind1=" " ind2=" ">
      <subfield code="a">Saez, Verónica.</subfield>
    </datafield>
    <datafield tag="700" ind1=" " ind2=" ">
      <subfield code="a">Vidal, Fernando.</subfield>
    </datafield>
    <datafield tag="700" ind1=" " ind2=" ">
      <subfield code="a">Yefe, Analía.</subfield>
    </datafield>
    <datafield tag="245" ind1=" " ind2=" ">
      <subfield code="a">Ergonomía y condiciones de trabajo</subfield>
    </datafield>
    <datafield tag="260" ind1=" " ind2=" ">
      <subfield code="a">Caleta Olivia</subfield>
      <subfield code="c"> , 2007</subfield>
    </datafield>
    <datafield tag="300" ind1=" " ind2=" ">
      <subfield code="a">40 p. : </subfield>
      <subfield code="b">il. ; </subfield>
      <subfield code="a">13 p. : </subfield>
      <subfield code="b">il. ; </subfield>
      <subfield code="a">xi, 147 p. : </subfield>
      <subfield code="a">565 p. : </subfield>
      <subfield code="b">il. ; </subfield>
      <subfield code="a">[29] h. : </subfield>
      <subfield code="b">il. ; </subfield>
      <subfield code="a">35 h. : </subfield>
      <subfield code="a">30 h. : </subfield>
      <subfield code="b">il. ; </subfield>
      <subfield code="a">65 h. : </subfield>
      <subfield code="a">[12] h. : </subfield>
      <subfield code="b">il. ; </subfield>
      <subfield code="a">[205] h. : </subfield>
      <subfield code="b">il. ; </subfield>
      <subfield code="a">26 h. : </subfield>
      <subfield code="b">il. ; </subfield>
      <subfield code="e">1 h. pleg.</subfield>
    </datafield>
    <datafield tag="500" ind1=" " ind2=" ">
      <subfield code="a">Trabajo presentado en la cátedra: Ergonomía y condiciones del trabajo, 2007</subfield>
    </datafield>
    <datafield tag="650" ind1=" " ind2=" ">
      <subfield code="a"> ERGONOMIA</subfield>
    </datafield>
    <datafield tag="650" ind1=" " ind2=" ">
      <subfield code="a"> SEGURIDAD DEL TRABAJO</subfield>
    </datafield>
    <datafield tag="650" ind1=" " ind2=" ">
      <subfield code="a"> PUESTOS DE TRABAJO</subfield>
    </datafield>
    <datafield tag="650" ind1=" " ind2=" ">
      <subfield code="a"> SALUD LABORAL</subfield>
    </datafield>
    <datafield tag="650" ind1=" " ind2=" ">
      <subfield code="a"> CALETA OLIVIA (SANTA CRUZ)</subfield>
    </datafield>
    <datafield tag="942" ind1=" " ind2=" ">
      <subfield code="c">MN</subfield>
    </datafield>
    <datafield tag="952" ind1=" " ind2=" ">
      <subfield code="a">BIB_RECT</subfield>
      <subfield code="b">BIB_UACO</subfield>
      <subfield code="d">2009-03-18</subfield>
      <subfield code="y">MN</subfield>
      <subfield code="p">02-37352</subfield>
      <subfield code="i">02-37352</subfield>
      <subfield code="g">19</subfield>
      <subfield code="o">F331.101.1 S127e</subfield>
      <subfield code="e">Varas, Jorge</subfield>
      <subfield code="8">CG</subfield>
    </datafield>
  </record>