
  <record>
    <leader>01000aam  22002601a 4500</leader>
    <controlfield tag="001">YPZ90762</controlfield>
    <controlfield tag="003">YPZ</controlfield>
    <controlfield tag="005">200903191153210</controlfield>
    <controlfield tag="008">090319|###########||||||b||||||||||spa|d</controlfield>
    <datafield tag="040" ind1=" " ind2=" ">
      <subfield code="c">SIUNPA</subfield>
    </datafield>
    <datafield tag="041" ind1=" " ind2=" ">
      <subfield code="a">spa</subfield>
    </datafield>
    <datafield tag="044" ind1=" " ind2=" ">
      <subfield code="a">AR</subfield>
    </datafield>
    <datafield tag="080" ind1=" " ind2=" ">
      <subfield code="a">004.414.2 V145a</subfield>
    </datafield>
    <datafield tag="100" ind1=" " ind2=" ">
      <subfield code="a">Valdez, Jorge Ceferino.</subfield>
    </datafield>
    <datafield tag="700" ind1=" " ind2=" ">
      <subfield code="a">Varas, Valeria Susana.</subfield>
    </datafield>
    <datafield tag="245" ind1=" " ind2=" ">
      <subfield code="a">Acuerdo de trabajo</subfield>
      <subfield code="b"> : proyecto C.R.R.V.</subfield>
    </datafield>
    <datafield tag="260" ind1=" " ind2=" ">
      <subfield code="a">Caleta Olivia</subfield>
      <subfield code="c"> , 2006-2007</subfield>
    </datafield>
    <datafield tag="300" ind1=" " ind2=" ">
      <subfield code="a">18 h. : </subfield>
      <subfield code="b">il. ; </subfield>
      <subfield code="a">27 h. : </subfield>
      <subfield code="b">il. ; </subfield>
      <subfield code="a">[12] h. : </subfield>
      <subfield code="b">il. ; </subfield>
      <subfield code="a">15 h. : </subfield>
      <subfield code="b">il. ; </subfield>
      <subfield code="a">45 h. : </subfield>
      <subfield code="a">[112] h. en varias foliaciones : </subfield>
      <subfield code="a">33 h. : </subfield>
      <subfield code="a">143 h. : </subfield>
      <subfield code="b">il. ; </subfield>
      <subfield code="a">[172] h. en varias foliaciones : </subfield>
      <subfield code="b">il. ; </subfield>
      <subfield code="a">125 h. : </subfield>
      <subfield code="b">il. ; </subfield>
      <subfield code="a">155 h. : </subfield>
      <subfield code="b">il. ; </subfield>
      <subfield code="a">[142] h. en varias foliaciones : </subfield>
      <subfield code="b">il. ; </subfield>
      <subfield code="a">85 h. : </subfield>
      <subfield code="b">il. ; </subfield>
      <subfield code="a">8 v. : </subfield>
      <subfield code="b">il. ; </subfield>
      <subfield code="e">1 DVD-ROM</subfield>
    </datafield>
    <datafield tag="500" ind1=" " ind2=" ">
      <subfield code="a">Proyecto final (Analista de sistemas) - Universidad Nacional de la Patagonia Austral, 2007</subfield>
    </datafield>
    <datafield tag="505" ind1=" " ind2=" ">
      <subfield code="a">Contiene: Parte 1, Especificación de requerimientos -- Parte 2, Anteproyecto -- Parte 3, Arquitectura del sistema -- Parte 4, Plan de pruebas -- Parte 5, Manual de proceso de software del sistema -- Parte 6, Documento final -- Anexo: Manual del usuario</subfield>
    </datafield>
    <datafield tag="650" ind1=" " ind2=" ">
      <subfield code="a"> PROYECTO INFORMATICO</subfield>
    </datafield>
    <datafield tag="650" ind1=" " ind2=" ">
      <subfield code="a"> DISEÑO DE SISTEMAS</subfield>
    </datafield>
    <datafield tag="650" ind1=" " ind2=" ">
      <subfield code="a"> BASE DE DATOS</subfield>
    </datafield>
    <datafield tag="942" ind1=" " ind2=" ">
      <subfield code="c">MN</subfield>
    </datafield>
    <datafield tag="952" ind1=" " ind2=" ">
      <subfield code="a">BIB_RECT</subfield>
      <subfield code="b">BIB_UACO</subfield>
      <subfield code="d">2009-03-17</subfield>
      <subfield code="y">MN</subfield>
      <subfield code="p">02-37334</subfield>
      <subfield code="i">02-37334</subfield>
      <subfield code="g">58</subfield>
      <subfield code="o">004.414.2 V145a</subfield>
      <subfield code="e">Varas, Jorge</subfield>
      <subfield code="8">CG</subfield>
    </datafield>
  </record>