
  <record>
    <leader>01000aam  22002601a 4500</leader>
    <controlfield tag="001">YPZ91496</controlfield>
    <controlfield tag="003">YPZ</controlfield>
    <controlfield tag="005">200908030929150</controlfield>
    <controlfield tag="008">090803|###########||||||b||||||||||spa|d</controlfield>
    <datafield tag="040" ind1=" " ind2=" ">
      <subfield code="c">SIUNPA</subfield>
    </datafield>
    <datafield tag="041" ind1=" " ind2=" ">
      <subfield code="a">spa</subfield>
    </datafield>
    <datafield tag="044" ind1=" " ind2=" ">
      <subfield code="a">AR</subfield>
    </datafield>
    <datafield tag="080" ind1=" " ind2=" ">
      <subfield code="a">629.3.082.2 R763s</subfield>
    </datafield>
    <datafield tag="100" ind1=" " ind2=" ">
      <subfield code="a">Albornoz, Silvana.</subfield>
    </datafield>
    <datafield tag="700" ind1=" " ind2=" ">
      <subfield code="a">Olivera, Marianela.</subfield>
    </datafield>
    <datafield tag="700" ind1=" " ind2=" ">
      <subfield code="a">Sotelo, Beatriz.</subfield>
    </datafield>
    <datafield tag="245" ind1=" " ind2=" ">
      <subfield code="a">Estación de servicio don Pepe</subfield>
    </datafield>
    <datafield tag="260" ind1=" " ind2=" ">
      <subfield code="a">Río Gallegos</subfield>
      <subfield code="c"> , 2007</subfield>
    </datafield>
    <datafield tag="500" ind1=" " ind2=" ">
      <subfield code="a">Trabajo presentado en la cátedra: Gerenciamiento ambiental de la carrera Licenciatura en Administración, de la Unidad Académica Río Gallegos - Universidad Nacional de la Patagonia Austral</subfield>
    </datafield>
    <datafield tag="650" ind1=" " ind2=" ">
      <subfield code="a"> ESTACIONES DE SERVICIO  COMBUSTIBLES</subfield>
    </datafield>
    <datafield tag="650" ind1=" " ind2=" ">
      <subfield code="a"> MEDIO AMBIENTE</subfield>
    </datafield>
    <datafield tag="650" ind1=" " ind2=" ">
      <subfield code="a"> CONSERVACION AMBIENTAL</subfield>
    </datafield>
    <datafield tag="650" ind1=" " ind2=" ">
      <subfield code="a"> PROTECCION AMBIENTAL</subfield>
    </datafield>
    <datafield tag="650" ind1=" " ind2=" ">
      <subfield code="a"> GESTION AMBIENTAL</subfield>
    </datafield>
    <datafield tag="942" ind1=" " ind2=" ">
      <subfield code="c">MN</subfield>
    </datafield>
    <datafield tag="952" ind1=" " ind2=" ">
      <subfield code="a">BIB_RECT</subfield>
      <subfield code="b">BIB_UARG</subfield>
      <subfield code="d">2009-07-31</subfield>
      <subfield code="y">MN</subfield>
      <subfield code="p">05-38235</subfield>
      <subfield code="i">05-38235</subfield>
      <subfield code="g">24</subfield>
      <subfield code="o">629.3.082.2 R763s</subfield>
      <subfield code="e">Cátedra Gerenciamiento Ambiental</subfield>
      <subfield code="8">CG</subfield>
    </datafield>
  </record>