
  <record>
    <leader>01000aam  22002601a 4500</leader>
    <controlfield tag="001">YPZ92470</controlfield>
    <controlfield tag="003">YPZ</controlfield>
    <controlfield tag="005">201003111805010</controlfield>
    <controlfield tag="008">100311|###########||||||b||||||||||spa|d</controlfield>
    <datafield tag="040" ind1=" " ind2=" ">
      <subfield code="c">SIUNPA</subfield>
    </datafield>
    <datafield tag="041" ind1=" " ind2=" ">
      <subfield code="a">spa</subfield>
    </datafield>
    <datafield tag="044" ind1=" " ind2=" ">
      <subfield code="a">AR</subfield>
    </datafield>
    <datafield tag="080" ind1=" " ind2=" ">
      <subfield code="a">F332.2 S616v</subfield>
    </datafield>
    <datafield tag="100" ind1=" " ind2=" ">
      <subfield code="a">Sinclair, Robert.</subfield>
    </datafield>
    <datafield tag="245" ind1=" " ind2=" ">
      <subfield code="a">Von Thünen y la expansión urbana</subfield>
      <subfield code="c"> / Rojazman, Marta, tr.</subfield>
    </datafield>
    <datafield tag="260" ind1=" " ind2=" ">
      <subfield code="a">Buenos Aires</subfield>
      <subfield code="b"> : Librería Nueva Visión</subfield>
      <subfield code="c"> , 1968</subfield>
    </datafield>
    <datafield tag="440" ind1=" " ind2=" ">
      <subfield code="a">Colección el educador en el cambio. Serie los grandes problemas actuales</subfield>
      <subfield code="a">Colección Ingeniería del medio ambiente</subfield>
      <subfield code="a">Serie MoUr. VI, G</subfield>
      <subfield code="v">26</subfield>
    </datafield>
    <datafield tag="490" ind1=" " ind2=" ">
      <subfield code="a">Colección el educador en el cambio. Serie los grandes problemas actuales</subfield>
      <subfield code="a">Colección Ingeniería del medio ambiente</subfield>
      <subfield code="a">Serie MoUr. VI, G</subfield>
      <subfield code="v">26</subfield>
    </datafield>
    <datafield tag="500" ind1=" " ind2=" ">
      <subfield code="a">En portada: Está monografía es traducción de la aparecida con el título de 'Von thunen and urban sprawl' en Annals of Association American Geographers, v. 57, no. 1, mar. de 1967, p. 73-87</subfield>
    </datafield>
    <datafield tag="650" ind1=" " ind2=" ">
      <subfield code="a"> ECONOMIA DE LA TIERRA  DESARROLLO RURAL</subfield>
    </datafield>
    <datafield tag="650" ind1=" " ind2=" ">
      <subfield code="a"> POBLACION RURAL</subfield>
    </datafield>
    <datafield tag="650" ind1=" " ind2=" ">
      <subfield code="a"> EXPLOTACIONES AGRARIAS</subfield>
    </datafield>
    <datafield tag="650" ind1=" " ind2=" ">
      <subfield code="a"> DESARROLLO URBANO</subfield>
    </datafield>
    <datafield tag="942" ind1=" " ind2=" ">
      <subfield code="c">MN</subfield>
    </datafield>
    <datafield tag="952" ind1=" " ind2=" ">
      <subfield code="a">BIB_RECT</subfield>
      <subfield code="b">BIB_UARG</subfield>
      <subfield code="d">2010-03-11</subfield>
      <subfield code="y">MN</subfield>
      <subfield code="p">05-38907</subfield>
      <subfield code="i">05-38907</subfield>
      <subfield code="g">12</subfield>
      <subfield code="o">F332.2 S616v</subfield>
      <subfield code="e">Donación Barbería, Elsa</subfield>
      <subfield code="8">CG</subfield>
    </datafield>
  </record>