
  <record>
    <leader>01000aam  22002601a 4500</leader>
    <controlfield tag="001">YPZ92989</controlfield>
    <controlfield tag="003">YPZ</controlfield>
    <controlfield tag="005">201006021703470</controlfield>
    <controlfield tag="008">100602|###########||||||b||||||||||spa|d</controlfield>
    <datafield tag="040" ind1=" " ind2=" ">
      <subfield code="c">SIUNPA</subfield>
    </datafield>
    <datafield tag="041" ind1=" " ind2=" ">
      <subfield code="a">spa</subfield>
    </datafield>
    <datafield tag="044" ind1=" " ind2=" ">
      <subfield code="a">AR</subfield>
    </datafield>
    <datafield tag="080" ind1=" " ind2=" ">
      <subfield code="a">645.4 B544n</subfield>
    </datafield>
    <datafield tag="100" ind1=" " ind2=" ">
      <subfield code="a">Bertinat, Mariano.</subfield>
    </datafield>
    <datafield tag="700" ind1=" " ind2=" ">
      <subfield code="a">Mattenet, Francisco.</subfield>
    </datafield>
    <datafield tag="700" ind1=" " ind2=" ">
      <subfield code="a">Torres, Vanesa.</subfield>
    </datafield>
    <datafield tag="245" ind1=" " ind2=" ">
      <subfield code="a">Nativo muebles</subfield>
    </datafield>
    <datafield tag="260" ind1=" " ind2=" ">
      <subfield code="a">Río Gallegos</subfield>
      <subfield code="c"> , 2008</subfield>
    </datafield>
    <datafield tag="500" ind1=" " ind2=" ">
      <subfield code="a">Trabajo práctico final para la cátedra Formulación de Proyectos - UARG-UNPA, 2008</subfield>
    </datafield>
    <datafield tag="650" ind1=" " ind2=" ">
      <subfield code="a"> MOBILIARIO  INDUSTRIA DE LA MADERA</subfield>
    </datafield>
    <datafield tag="650" ind1=" " ind2=" ">
      <subfield code="a"> EVALUACION DE PROYECTO </subfield>
    </datafield>
    <datafield tag="650" ind1=" " ind2=" ">
      <subfield code="a"> GESTION FINANCIERA</subfield>
    </datafield>
    <datafield tag="650" ind1=" " ind2=" ">
      <subfield code="a"> PROYECTO DE INVERSIONES</subfield>
    </datafield>
    <datafield tag="650" ind1=" " ind2=" ">
      <subfield code="a"> RIESGO DE INVERSION</subfield>
    </datafield>
    <datafield tag="650" ind1=" " ind2=" ">
      <subfield code="a"> GESTION EMPRESARIAL</subfield>
    </datafield>
    <datafield tag="942" ind1=" " ind2=" ">
      <subfield code="c">MN</subfield>
    </datafield>
    <datafield tag="952" ind1=" " ind2=" ">
      <subfield code="a">BIB_RECT</subfield>
      <subfield code="b">BIB_UARG</subfield>
      <subfield code="d">2010-05-20</subfield>
      <subfield code="y">MN</subfield>
      <subfield code="p">05-39507</subfield>
      <subfield code="i">05-39507</subfield>
      <subfield code="g">13.2</subfield>
      <subfield code="o">645.4 B544n</subfield>
      <subfield code="e">Donación Lurbé, Mario</subfield>
      <subfield code="8">CG</subfield>
    </datafield>
  </record>