
  <record>
    <leader>01000aam  22002601a 4500</leader>
    <controlfield tag="001">YPZ93243</controlfield>
    <controlfield tag="003">YPZ</controlfield>
    <controlfield tag="005">201008021523180</controlfield>
    <controlfield tag="008">100802|###########||||||b||||||||||spa|d</controlfield>
    <datafield tag="040" ind1=" " ind2=" ">
      <subfield code="c">SIUNPA</subfield>
    </datafield>
    <datafield tag="041" ind1=" " ind2=" ">
      <subfield code="a">spa</subfield>
    </datafield>
    <datafield tag="044" ind1=" " ind2=" ">
      <subfield code="a">AR</subfield>
    </datafield>
    <datafield tag="080" ind1=" " ind2=" ">
      <subfield code="a">628.4.046 K371p</subfield>
    </datafield>
    <datafield tag="100" ind1=" " ind2=" ">
      <subfield code="a">Kent, Patricia.</subfield>
    </datafield>
    <datafield tag="245" ind1=" " ind2=" ">
      <subfield code="a">Planta de tratamiento de residuos biopatogénicos</subfield>
    </datafield>
    <datafield tag="260" ind1=" " ind2=" ">
      <subfield code="a">Río Gallegos</subfield>
      <subfield code="c"> , 2009</subfield>
    </datafield>
    <datafield tag="300" ind1=" " ind2=" ">
      <subfield code="a">[72] h. en varias foliaciones : </subfield>
      <subfield code="a">71 h. : </subfield>
      <subfield code="a">[47] h. en varias foliaciones : </subfield>
      <subfield code="a">[54] h. en varias foliaciones : </subfield>
      <subfield code="a">16 h. : </subfield>
      <subfield code="b">il. ; </subfield>
      <subfield code="a">25 h. : </subfield>
      <subfield code="a">[101] h. : </subfield>
      <subfield code="b">il. ; </subfield>
      <subfield code="a">[111] h. : </subfield>
      <subfield code="b">il. ; </subfield>
      <subfield code="a">166 h. : </subfield>
      <subfield code="b">il. ; </subfield>
      <subfield code="a">[138] h. : </subfield>
      <subfield code="b">il. ; </subfield>
      <subfield code="a">95 h. : </subfield>
      <subfield code="b">il. ; </subfield>
      <subfield code="a">[73] h. : </subfield>
      <subfield code="b">il. ; </subfield>
      <subfield code="a">104 p. : </subfield>
      <subfield code="b">il. ; </subfield>
      <subfield code="a">[66] h. : </subfield>
      <subfield code="b">il. ; </subfield>
      <subfield code="a">[79] h. : </subfield>
      <subfield code="b">il. ; </subfield>
      <subfield code="a">62 h. : </subfield>
      <subfield code="b">il. ; </subfield>
      <subfield code="a">[293] h. : </subfield>
      <subfield code="b">il. ; </subfield>
      <subfield code="a">54 h. : </subfield>
      <subfield code="b">il. ; </subfield>
      <subfield code="a">79 p. : </subfield>
      <subfield code="b">il. ; </subfield>
      <subfield code="a">85 h. : </subfield>
      <subfield code="b">il. ; </subfield>
      <subfield code="a">55 h. : </subfield>
      <subfield code="b">il. ; </subfield>
      <subfield code="a">[105] h. : </subfield>
      <subfield code="b">il. ; </subfield>
      <subfield code="a">34 h. : </subfield>
      <subfield code="b">il. ; </subfield>
      <subfield code="a">43 h. : </subfield>
      <subfield code="b">il. ; </subfield>
      <subfield code="a">[92] h. en varias paginaciones : </subfield>
      <subfield code="b">il. ; </subfield>
      <subfield code="a">24 h. : </subfield>
      <subfield code="e">1 CD-ROM en bolsillo</subfield>
    </datafield>
    <datafield tag="500" ind1=" " ind2=" ">
      <subfield code="a">Trabajo presentado en la cátedra: Gerenciamiento ambiental de la carrera Licenciatura en Administración, de la Unidad Académica Río Gallegos, UNPA</subfield>
    </datafield>
    <datafield tag="650" ind1=" " ind2=" ">
      <subfield code="a"> RESIDUOS BIOPATOGENICOS  HOSPITALES</subfield>
    </datafield>
    <datafield tag="650" ind1=" " ind2=" ">
      <subfield code="a"> TRATAMIENTO DE RESIDUOS</subfield>
    </datafield>
    <datafield tag="650" ind1=" " ind2=" ">
      <subfield code="a"> MEDIO AMBIENTE</subfield>
    </datafield>
    <datafield tag="650" ind1=" " ind2=" ">
      <subfield code="a"> GESTION AMBIENTAL </subfield>
    </datafield>
    <datafield tag="650" ind1=" " ind2=" ">
      <subfield code="a"> RIO GALLEGOS (SANTA CRUZ)</subfield>
    </datafield>
    <datafield tag="650" ind1=" " ind2=" ">
      <subfield code="a"> PROTECCION AMBIENTAL</subfield>
    </datafield>
    <datafield tag="942" ind1=" " ind2=" ">
      <subfield code="c">MN</subfield>
    </datafield>
    <datafield tag="952" ind1=" " ind2=" ">
      <subfield code="a">BIB_RECT</subfield>
      <subfield code="b">BIB_UARG</subfield>
      <subfield code="d">2010-08-02</subfield>
      <subfield code="y">MN</subfield>
      <subfield code="p">05-39657</subfield>
      <subfield code="i">05-39657</subfield>
      <subfield code="g">32</subfield>
      <subfield code="o">628.4.046 K371p</subfield>
      <subfield code="e">Donación</subfield>
      <subfield code="8">CG</subfield>
    </datafield>
  </record>