
  <record>
    <leader>01000aam  22002601a 4500</leader>
    <controlfield tag="001">YPZ93746</controlfield>
    <controlfield tag="003">YPZ</controlfield>
    <controlfield tag="005">201102111221090</controlfield>
    <controlfield tag="008">110211|###########||||||b||||||||||spa|d</controlfield>
    <datafield tag="040" ind1=" " ind2=" ">
      <subfield code="c">SIUNPA</subfield>
    </datafield>
    <datafield tag="041" ind1=" " ind2=" ">
      <subfield code="a">spa</subfield>
    </datafield>
    <datafield tag="044" ind1=" " ind2=" ">
      <subfield code="a">AR</subfield>
    </datafield>
    <datafield tag="080" ind1=" " ind2=" ">
      <subfield code="a">004.413 C639s</subfield>
    </datafield>
    <datafield tag="100" ind1=" " ind2=" ">
      <subfield code="a">Climis, Jorge.</subfield>
    </datafield>
    <datafield tag="245" ind1=" " ind2=" ">
      <subfield code="a">Sistema de gestión de viajes</subfield>
      <subfield code="b"> : viatiweb</subfield>
    </datafield>
    <datafield tag="260" ind1=" " ind2=" ">
      <subfield code="a">[Río Gallegos]</subfield>
      <subfield code="c"> , [2009]</subfield>
    </datafield>
    <datafield tag="300" ind1=" " ind2=" ">
      <subfield code="a">[97] h. : </subfield>
      <subfield code="b">il. ; </subfield>
      <subfield code="a">[210] h. : </subfield>
      <subfield code="b">il. ; </subfield>
      <subfield code="a">23 h. : </subfield>
      <subfield code="b">il. ; </subfield>
      <subfield code="a">[161] h. : </subfield>
      <subfield code="b">il. ; </subfield>
      <subfield code="a">[60] h. : </subfield>
      <subfield code="b">il. ; </subfield>
      <subfield code="a">[40] h. : </subfield>
      <subfield code="b">il. ; </subfield>
      <subfield code="a">15 h. : </subfield>
      <subfield code="b">il. ; </subfield>
      <subfield code="a">[241] h. : </subfield>
      <subfield code="b">il. ; </subfield>
      <subfield code="a">4 v. : </subfield>
      <subfield code="b">il. ; </subfield>
      <subfield code="e">1 DVD-ROM en bolsillo</subfield>
    </datafield>
    <datafield tag="500" ind1=" " ind2=" ">
      <subfield code="a">Proyecto final (Analista de sistemas) - UARG - UNPA, 2009</subfield>
    </datafield>
    <datafield tag="505" ind1=" " ind2=" ">
      <subfield code="a">Contiene: Parte 1, Informe final -- Parte 2, Manual del administrador -- Parte 3, Manual del usuario -- Parte 4, Manual de instalación</subfield>
    </datafield>
    <datafield tag="650" ind1=" " ind2=" ">
      <subfield code="a"> PROYECTO INFORMATICO</subfield>
    </datafield>
    <datafield tag="650" ind1=" " ind2=" ">
      <subfield code="a"> DESARROLLO DE SOFTWARE</subfield>
    </datafield>
    <datafield tag="942" ind1=" " ind2=" ">
      <subfield code="c">MN</subfield>
    </datafield>
    <datafield tag="952" ind1=" " ind2=" ">
      <subfield code="a">BIB_RECT</subfield>
      <subfield code="b">BIB_UARG</subfield>
      <subfield code="d">2011-02-07</subfield>
      <subfield code="y">MN</subfield>
      <subfield code="p">05-40467</subfield>
      <subfield code="i">05-40467</subfield>
      <subfield code="g">20</subfield>
      <subfield code="o">004.413 C639s</subfield>
      <subfield code="e">Donación</subfield>
      <subfield code="8">CG</subfield>
    </datafield>
  </record>