
  <record>
    <leader>01000aam  22002601a 4500</leader>
    <controlfield tag="001">YPZ96789</controlfield>
    <controlfield tag="003">YPZ</controlfield>
    <controlfield tag="005">201212201330140</controlfield>
    <controlfield tag="008">121220|###########||||||b||||||||||spa|d</controlfield>
    <datafield tag="040" ind1=" " ind2=" ">
      <subfield code="c">SIUNPA</subfield>
    </datafield>
    <datafield tag="041" ind1=" " ind2=" ">
      <subfield code="a">spa</subfield>
    </datafield>
    <datafield tag="044" ind1=" " ind2=" ">
      <subfield code="a">AR</subfield>
    </datafield>
    <datafield tag="080" ind1=" " ind2=" ">
      <subfield code="a">636.6 N778p</subfield>
    </datafield>
    <datafield tag="100" ind1=" " ind2=" ">
      <subfield code="a">Noguera, Álvaro Antonio.</subfield>
    </datafield>
    <datafield tag="245" ind1=" " ind2=" ">
      <subfield code="a">Producción y comercialización de carne de ñandu y subproductos</subfield>
    </datafield>
    <datafield tag="260" ind1=" " ind2=" ">
      <subfield code="a">Río Gallegos</subfield>
      <subfield code="c"> , 2011</subfield>
    </datafield>
    <datafield tag="300" ind1=" " ind2=" ">
      <subfield code="a">20 h. : </subfield>
      <subfield code="a">60 h. : </subfield>
      <subfield code="b">il. ; </subfield>
      <subfield code="a">[154] h. : </subfield>
      <subfield code="b">il. ; </subfield>
      <subfield code="a">[96] h. en varias foliaciones : </subfield>
      <subfield code="b">il. ; </subfield>
      <subfield code="a">127 h. : </subfield>
      <subfield code="b">il. ; </subfield>
      <subfield code="a">29 h. : </subfield>
      <subfield code="b">il. ; </subfield>
      <subfield code="a">60 h. en varias foliaciones : </subfield>
      <subfield code="a">55  h. : </subfield>
      <subfield code="a">37 h. : </subfield>
      <subfield code="b">il. ; </subfield>
      <subfield code="a">25 h. : </subfield>
      <subfield code="b">il. ; </subfield>
      <subfield code="a">30 h. : </subfield>
      <subfield code="b">il. ; </subfield>
      <subfield code="a">22 h. : </subfield>
      <subfield code="b">il. ; </subfield>
      <subfield code="a">38 h. : </subfield>
      <subfield code="b">il. ; </subfield>
      <subfield code="a">81 p. : </subfield>
      <subfield code="b">il. ; </subfield>
      <subfield code="a">25 h. : </subfield>
      <subfield code="b">il. ; </subfield>
      <subfield code="a">[30] h. : </subfield>
      <subfield code="b">il. ; </subfield>
      <subfield code="a">28 h. : </subfield>
      <subfield code="b">il. ; </subfield>
      <subfield code="a">14 h. : </subfield>
      <subfield code="b">il. ; </subfield>
      <subfield code="a">17 h. : </subfield>
      <subfield code="b">il. ; </subfield>
      <subfield code="a">54 h. : </subfield>
      <subfield code="b">il. ; </subfield>
      <subfield code="a">[33] h. : </subfield>
      <subfield code="b">il. ; </subfield>
      <subfield code="a">19 h. : </subfield>
      <subfield code="b">il. ; </subfield>
      <subfield code="a">[36] h. : </subfield>
      <subfield code="b">il. ; </subfield>
      <subfield code="a">12 h. : </subfield>
      <subfield code="b">il. ; </subfield>
      <subfield code="a">163 h. : </subfield>
      <subfield code="b">il. ; </subfield>
      <subfield code="a">[19] h. : </subfield>
      <subfield code="b">il. ; </subfield>
      <subfield code="a">26 h. : </subfield>
      <subfield code="b">il. ; </subfield>
      <subfield code="a">20 h. : </subfield>
      <subfield code="b">il. ; </subfield>
      <subfield code="a">25 h. : </subfield>
      <subfield code="b">il. ; </subfield>
      <subfield code="a">21 h. : </subfield>
      <subfield code="b">il. ; </subfield>
      <subfield code="a">[174] p. en varías paginaciones : </subfield>
      <subfield code="b">il. ; </subfield>
      <subfield code="a">128 h. : </subfield>
      <subfield code="b">il. ; </subfield>
      <subfield code="a">124 h. : </subfield>
      <subfield code="b">il. ; </subfield>
      <subfield code="a">[97] h. : </subfield>
      <subfield code="b">il. ; </subfield>
      <subfield code="a">[148] h. : </subfield>
      <subfield code="b">il. ; </subfield>
      <subfield code="a">[222] h. en varias foliaciones : </subfield>
      <subfield code="b">il. ; </subfield>
      <subfield code="a">[134] h. en varias folicianes : </subfield>
      <subfield code="b">il. ; </subfield>
      <subfield code="e">1 CD-ROM en el bolsillo</subfield>
    </datafield>
    <datafield tag="500" ind1=" " ind2=" ">
      <subfield code="a">Monografía (Seminario Licenciatura en Administración) - Universidad Nacional de la Patagonia Austral, 2011</subfield>
    </datafield>
    <datafield tag="650" ind1=" " ind2=" ">
      <subfield code="a"> RHEIFORMES  ÑANDU</subfield>
    </datafield>
    <datafield tag="650" ind1=" " ind2=" ">
      <subfield code="a"> METODOS DE CRIANZA</subfield>
    </datafield>
    <datafield tag="650" ind1=" " ind2=" ">
      <subfield code="a"> PRODUCCION DE CARNE</subfield>
    </datafield>
    <datafield tag="942" ind1=" " ind2=" ">
      <subfield code="c">MN</subfield>
    </datafield>
    <datafield tag="952" ind1=" " ind2=" ">
      <subfield code="a">BIB_RECT</subfield>
      <subfield code="b">BIB_UARG</subfield>
      <subfield code="d">2012-12-20</subfield>
      <subfield code="y">MN</subfield>
      <subfield code="p">05-43656</subfield>
      <subfield code="i">05-43656</subfield>
      <subfield code="g">40</subfield>
      <subfield code="o">636.6 N778p</subfield>
      <subfield code="e">Acuerdo 542/12</subfield>
      <subfield code="8">CG</subfield>
    </datafield>
  </record>