
  <record>
    <leader>01000aam  22002601a 4500</leader>
    <controlfield tag="001">YPZ96891</controlfield>
    <controlfield tag="003">YPZ</controlfield>
    <controlfield tag="005">201302151403370</controlfield>
    <controlfield tag="008">130215|###########||||||b||||||||||spa|d</controlfield>
    <datafield tag="040" ind1=" " ind2=" ">
      <subfield code="c">SIUNPA</subfield>
    </datafield>
    <datafield tag="041" ind1=" " ind2=" ">
      <subfield code="a">spa</subfield>
    </datafield>
    <datafield tag="044" ind1=" " ind2=" ">
      <subfield code="a">AR</subfield>
    </datafield>
    <datafield tag="080" ind1=" " ind2=" ">
      <subfield code="a">004.415.2 D743s</subfield>
    </datafield>
    <datafield tag="100" ind1=" " ind2=" ">
      <subfield code="a">Dovigo, Gustavo.</subfield>
    </datafield>
    <datafield tag="245" ind1=" " ind2=" ">
      <subfield code="a">Sistema de control de tiempos</subfield>
      <subfield code="b"> : versión v1.0</subfield>
    </datafield>
    <datafield tag="260" ind1=" " ind2=" ">
      <subfield code="a">Caleta Olivia</subfield>
      <subfield code="c"> , 2008</subfield>
    </datafield>
    <datafield tag="300" ind1=" " ind2=" ">
      <subfield code="a">[135] h. en varias foliaciones : </subfield>
      <subfield code="e">1 CD-ROM en bolsillo</subfield>
    </datafield>
    <datafield tag="505" ind1=" " ind2=" ">
      <subfield code="a">Contenido: Especificación requerimientos de software -- Especificaciones suplementarias -- Manual de usuarios -- Manual de instalación -- Glosario -- Visión -- Casos de pruebas -- Resultado de pruebas -- Modelo de clases - Diagramas de secuencia - Diagramas de colaboración -- Modelo de Datos</subfield>
    </datafield>
    <datafield tag="650" ind1=" " ind2=" ">
      <subfield code="a"> DESARROLLO DE SOFTWARE</subfield>
    </datafield>
    <datafield tag="650" ind1=" " ind2=" ">
      <subfield code="a"> DISEÑO DE SOFTWARE</subfield>
    </datafield>
    <datafield tag="650" ind1=" " ind2=" ">
      <subfield code="a"> CONTROL DE TIEMPOS</subfield>
    </datafield>
    <datafield tag="942" ind1=" " ind2=" ">
      <subfield code="c">MN</subfield>
    </datafield>
    <datafield tag="952" ind1=" " ind2=" ">
      <subfield code="a">BIB_RECT</subfield>
      <subfield code="b">BIB_UACO</subfield>
      <subfield code="d">2013-02-15</subfield>
      <subfield code="y">MN</subfield>
      <subfield code="p">02-43861</subfield>
      <subfield code="i">02-43861</subfield>
      <subfield code="g">50</subfield>
      <subfield code="o">004.415.2 D743s</subfield>
      <subfield code="e">Secretaría Académica</subfield>
      <subfield code="8">CG</subfield>
    </datafield>
    <datafield tag="952" ind1=" " ind2=" ">
      <subfield code="a">BIB_RECT</subfield>
      <subfield code="b">BIB_UACO</subfield>
      <subfield code="d">2013-02-15</subfield>
      <subfield code="y">MN</subfield>
      <subfield code="p">02-43862</subfield>
      <subfield code="i">02-43862</subfield>
      <subfield code="g">50</subfield>
      <subfield code="o">004.415.2 D743s</subfield>
      <subfield code="e">Secretaría Académica</subfield>
      <subfield code="8">CG</subfield>
    </datafield>
    <datafield tag="952" ind1=" " ind2=" ">
      <subfield code="a">BIB_RECT</subfield>
      <subfield code="b">BIB_UACO</subfield>
      <subfield code="d">2013-02-15</subfield>
      <subfield code="y">MN</subfield>
      <subfield code="p">02-43863</subfield>
      <subfield code="i">02-43863</subfield>
      <subfield code="g">50</subfield>
      <subfield code="o">004.415.2 D743s</subfield>
      <subfield code="e">Secretaría Académica</subfield>
      <subfield code="8">CG</subfield>
    </datafield>
  </record>