
  <record>
    <leader>01000aam  22002601a 4500</leader>
    <controlfield tag="001">YPZ97335</controlfield>
    <controlfield tag="003">YPZ</controlfield>
    <controlfield tag="005">201304111524120</controlfield>
    <controlfield tag="008">130411|###########||||||b||||||||||spa|d</controlfield>
    <datafield tag="040" ind1=" " ind2=" ">
      <subfield code="c">SIUNPA</subfield>
    </datafield>
    <datafield tag="041" ind1=" " ind2=" ">
      <subfield code="a">spa</subfield>
    </datafield>
    <datafield tag="044" ind1=" " ind2=" ">
      <subfield code="a">AR</subfield>
    </datafield>
    <datafield tag="080" ind1=" " ind2=" ">
      <subfield code="a">502.4 A861i</subfield>
    </datafield>
    <datafield tag="100" ind1=" " ind2=" ">
      <subfield code="a">Asueta, René Carlos.</subfield>
    </datafield>
    <datafield tag="245" ind1=" " ind2=" ">
      <subfield code="a">Informe de pasantía en la Reserva Faunística de Punta Tombo</subfield>
    </datafield>
    <datafield tag="260" ind1=" " ind2=" ">
      <subfield code="a">[Río Gallegos]</subfield>
      <subfield code="c"> , 2000</subfield>
    </datafield>
    <datafield tag="500" ind1=" " ind2=" ">
      <subfield code="a">Informe para la carrera de Ingeniería en Recursos Naturales Renovables, UARG - UNPA</subfield>
    </datafield>
    <datafield tag="650" ind1=" " ind2=" ">
      <subfield code="a"> RESERVAS NATURALES</subfield>
    </datafield>
    <datafield tag="650" ind1=" " ind2=" ">
      <subfield code="a"> PUNTA TOMBO (CHUBUT)</subfield>
    </datafield>
    <datafield tag="942" ind1=" " ind2=" ">
      <subfield code="c">MN</subfield>
    </datafield>
    <datafield tag="952" ind1=" " ind2=" ">
      <subfield code="a">BIB_RECT</subfield>
      <subfield code="b">BIB_UARG</subfield>
      <subfield code="d">2013-02-19</subfield>
      <subfield code="y">MN</subfield>
      <subfield code="p">05-15370</subfield>
      <subfield code="i">05-15370</subfield>
      <subfield code="g">40</subfield>
      <subfield code="o">502.4 A861i</subfield>
      <subfield code="e">ASUETA, RENE CARLOS</subfield>
      <subfield code="8">CG</subfield>
    </datafield>
  </record>