
  <record>
    <leader>01000aam  22002601a 4500</leader>
    <controlfield tag="001">YPZ97336</controlfield>
    <controlfield tag="003">YPZ</controlfield>
    <controlfield tag="005">201304111532520</controlfield>
    <controlfield tag="008">130411|###########||||||b||||||||||spa|d</controlfield>
    <datafield tag="040" ind1=" " ind2=" ">
      <subfield code="c">SIUNPA</subfield>
    </datafield>
    <datafield tag="041" ind1=" " ind2=" ">
      <subfield code="a">spa</subfield>
    </datafield>
    <datafield tag="044" ind1=" " ind2=" ">
      <subfield code="a">AR</subfield>
    </datafield>
    <datafield tag="080" ind1=" " ind2=" ">
      <subfield code="a">338.48 M521d</subfield>
    </datafield>
    <datafield tag="100" ind1=" " ind2=" ">
      <subfield code="a">Melgarejo, Claudia Daniela.</subfield>
    </datafield>
    <datafield tag="700" ind1=" " ind2=" ">
      <subfield code="a">Caram Durand, Arnaldo Nelson.</subfield>
    </datafield>
    <datafield tag="245" ind1=" " ind2=" ">
      <subfield code="a">Desarrollo de un sistema geográfico para las actividades turísticas en Santa Cruz</subfield>
    </datafield>
    <datafield tag="260" ind1=" " ind2=" ">
      <subfield code="a">[Río Gallegos]</subfield>
      <subfield code="c"> , 2002</subfield>
    </datafield>
    <datafield tag="300" ind1=" " ind2=" ">
      <subfield code="a">2 fasc. : </subfield>
      <subfield code="b">il. ; </subfield>
      <subfield code="a">33 h. : </subfield>
      <subfield code="a">[19] h. en varias foliaciones : </subfield>
      <subfield code="a">16 h. : </subfield>
      <subfield code="a">42 h. : </subfield>
      <subfield code="a">42 h. : </subfield>
      <subfield code="b">il. ; </subfield>
      <subfield code="a">36 h. : </subfield>
      <subfield code="b">il. ; </subfield>
      <subfield code="a">12 h. : </subfield>
      <subfield code="b">il. ; </subfield>
      <subfield code="a">62 h. : </subfield>
      <subfield code="e">1 CD-ROM en bolsillo</subfield>
    </datafield>
    <datafield tag="500" ind1=" " ind2=" ">
      <subfield code="a">Proyecto de software II - Licenciatura en Sistemas - UNPA, Unidad Académica Río Gallegos</subfield>
    </datafield>
    <datafield tag="650" ind1=" " ind2=" ">
      <subfield code="a"> TURISMO  SISTEMA DE INFORMACION GEOGRAFICO</subfield>
    </datafield>
    <datafield tag="650" ind1=" " ind2=" ">
      <subfield code="a"> SOFTWARE</subfield>
    </datafield>
    <datafield tag="650" ind1=" " ind2=" ">
      <subfield code="a"> DISEÑO DE SISTEMAS</subfield>
    </datafield>
    <datafield tag="650" ind1=" " ind2=" ">
      <subfield code="a"> SANTA CRUZ (ARGENTINA)</subfield>
    </datafield>
    <datafield tag="942" ind1=" " ind2=" ">
      <subfield code="c">MN</subfield>
    </datafield>
    <datafield tag="952" ind1=" " ind2=" ">
      <subfield code="a">BIB_RECT</subfield>
      <subfield code="b">BIB_UARG</subfield>
      <subfield code="d">2013-02-19</subfield>
      <subfield code="y">MN</subfield>
      <subfield code="p">05-44562</subfield>
      <subfield code="i">05-44562</subfield>
      <subfield code="g">50</subfield>
      <subfield code="o">338.48 M521d</subfield>
      <subfield code="e">Donación</subfield>
      <subfield code="8">CG</subfield>
    </datafield>
  </record>