
  <record>
    <leader>01000aam  22002601a 4500</leader>
    <controlfield tag="001">YPZ98720</controlfield>
    <controlfield tag="003">YPZ</controlfield>
    <controlfield tag="005">201408061430380</controlfield>
    <controlfield tag="008">140806|###########||||||b||||||||||spa|d</controlfield>
    <datafield tag="040" ind1=" " ind2=" ">
      <subfield code="c">SIUNPA</subfield>
    </datafield>
    <datafield tag="041" ind1=" " ind2=" ">
      <subfield code="a">spa</subfield>
    </datafield>
    <datafield tag="044" ind1=" " ind2=" ">
      <subfield code="a">AR</subfield>
    </datafield>
    <datafield tag="080" ind1=" " ind2=" ">
      <subfield code="a">568.221.2 L864r</subfield>
    </datafield>
    <datafield tag="100" ind1=" " ind2=" ">
      <subfield code="a">López de Dicastillo Gil, Pablo.</subfield>
    </datafield>
    <datafield tag="245" ind1=" " ind2=" ">
      <subfield code="a">Relevamiento de la población de Choique (Rhea pennata pennata) de la Ea. San Cristóbal, en el sur de la provincia de Santa Cruz</subfield>
    </datafield>
    <datafield tag="260" ind1=" " ind2=" ">
      <subfield code="a">Río Gallegos</subfield>
      <subfield code="c"> , 2011</subfield>
    </datafield>
    <datafield tag="500" ind1=" " ind2=" ">
      <subfield code="a">Proyecto Final de la Carrera Ingeniería Técnica Forestal, Universitat de Lleida</subfield>
    </datafield>
    <datafield tag="650" ind1=" " ind2=" ">
      <subfield code="a"> PAJAROS</subfield>
    </datafield>
    <datafield tag="650" ind1=" " ind2=" ">
      <subfield code="a"> AVES DE PLUMAJE</subfield>
    </datafield>
    <datafield tag="650" ind1=" " ind2=" ">
      <subfield code="a"> CHOIQUE</subfield>
    </datafield>
    <datafield tag="650" ind1=" " ind2=" ">
      <subfield code="a"> RHEA PENNATA</subfield>
    </datafield>
    <datafield tag="650" ind1=" " ind2=" ">
      <subfield code="a"> SANTA CRUZ (ARGENTINA)</subfield>
    </datafield>
    <datafield tag="942" ind1=" " ind2=" ">
      <subfield code="c">MN</subfield>
    </datafield>
    <datafield tag="952" ind1=" " ind2=" ">
      <subfield code="a">BIB_RECT</subfield>
      <subfield code="b">BIB_UARG</subfield>
      <subfield code="d">2014-08-04</subfield>
      <subfield code="y">MN</subfield>
      <subfield code="p">05-46368</subfield>
      <subfield code="i">05-46368</subfield>
      <subfield code="g">50</subfield>
      <subfield code="o">568.221.2 L864r</subfield>
      <subfield code="e">Sec. Acad./2014</subfield>
      <subfield code="8">CG</subfield>
    </datafield>
  </record>