
  <record>
    <leader>01000aam  22002601a 4500</leader>
    <controlfield tag="001">YPZ99894</controlfield>
    <controlfield tag="003">YPZ</controlfield>
    <controlfield tag="005">201602121200000</controlfield>
    <controlfield tag="008">160212|###########||||||b||||||||||spa|d</controlfield>
    <datafield tag="040" ind1=" " ind2=" ">
      <subfield code="c">SIUNPA</subfield>
    </datafield>
    <datafield tag="041" ind1=" " ind2=" ">
      <subfield code="a">spa</subfield>
    </datafield>
    <datafield tag="044" ind1=" " ind2=" ">
      <subfield code="a">AR</subfield>
    </datafield>
    <datafield tag="080" ind1=" " ind2=" ">
      <subfield code="a">622.2 M285a</subfield>
    </datafield>
    <datafield tag="100" ind1=" " ind2=" ">
      <subfield code="a">Manolucos, Jorge.</subfield>
    </datafield>
    <datafield tag="245" ind1=" " ind2=" ">
      <subfield code="a">Análisis de las condiciones en la alimentación de mineral de baja ley en la Mina Cerro Vanguardia</subfield>
    </datafield>
    <datafield tag="260" ind1=" " ind2=" ">
      <subfield code="a">Puerto San Julián</subfield>
      <subfield code="c"> , 2015</subfield>
    </datafield>
    <datafield tag="300" ind1=" " ind2=" ">
      <subfield code="a">10 h. : </subfield>
      <subfield code="a">[143] h. : </subfield>
      <subfield code="b">il. ; </subfield>
      <subfield code="a">[182] h. en varias foliaciones : </subfield>
      <subfield code="b">il. ; </subfield>
      <subfield code="a">[130] h. en varias paginaciones : </subfield>
      <subfield code="a">1 v. (en varias paginaciones) : </subfield>
      <subfield code="b">il. ; </subfield>
      <subfield code="a">28 h. : </subfield>
      <subfield code="b">il. ; </subfield>
      <subfield code="a">32 h. : </subfield>
      <subfield code="a">62 h. : </subfield>
      <subfield code="b">il. ; </subfield>
      <subfield code="a">21 h. : </subfield>
      <subfield code="a">67 h. : </subfield>
      <subfield code="b">il. ; </subfield>
      <subfield code="e">1 CD-ROM en bolsillo</subfield>
    </datafield>
    <datafield tag="500" ind1=" " ind2=" ">
      <subfield code="a">Trabajos de fin de carrera realizados en el Yacimiento Cerro Vanguardia S.A. 2015</subfield>
    </datafield>
    <datafield tag="650" ind1=" " ind2=" ">
      <subfield code="a"> YACIMIENTO CERRO VANGUARDIA</subfield>
    </datafield>
    <datafield tag="650" ind1=" " ind2=" ">
      <subfield code="a"> MINERIA</subfield>
    </datafield>
    <datafield tag="650" ind1=" " ind2=" ">
      <subfield code="a"> SANTA CRUZ (ARGENTINA)</subfield>
    </datafield>
    <datafield tag="942" ind1=" " ind2=" ">
      <subfield code="c">MN</subfield>
    </datafield>
    <datafield tag="952" ind1=" " ind2=" ">
      <subfield code="a">BIB_RECT</subfield>
      <subfield code="b">BIB_UASJ</subfield>
      <subfield code="d">2016-02-12</subfield>
      <subfield code="y">MN</subfield>
      <subfield code="p">04-47655</subfield>
      <subfield code="i">04-47655</subfield>
      <subfield code="g">120</subfield>
      <subfield code="o">622.2 M285a</subfield>
      <subfield code="e">Donación</subfield>
      <subfield code="8">CG</subfield>
    </datafield>
  </record>