
  <record>
    <leader>01000aam  22002601a 4500</leader>
    <controlfield tag="001">YPZ101439</controlfield>
    <controlfield tag="003">YPZ</controlfield>
    <controlfield tag="005">201805311033230</controlfield>
    <controlfield tag="008">180531|###########||||||b||||||||||spa|d</controlfield>
    <datafield tag="040" ind1=" " ind2=" ">
      <subfield code="c">SIUNPA</subfield>
    </datafield>
    <datafield tag="041" ind1=" " ind2=" ">
      <subfield code="a">spa</subfield>
    </datafield>
    <datafield tag="044" ind1=" " ind2=" ">
      <subfield code="a">AR</subfield>
    </datafield>
    <datafield tag="080" ind1=" " ind2=" ">
      <subfield code="a">631.589 V434h</subfield>
    </datafield>
    <datafield tag="100" ind1=" " ind2=" ">
      <subfield code="a">Velazquez, Victor.</subfield>
    </datafield>
    <datafield tag="245" ind1=" " ind2=" ">
      <subfield code="a">Hidro cultivos</subfield>
      <subfield code="b"> : ¡disfruta diferente!</subfield>
    </datafield>
    <datafield tag="260" ind1=" " ind2=" ">
      <subfield code="a">Río Gallegos</subfield>
      <subfield code="c"> , 2016</subfield>
    </datafield>
    <datafield tag="500" ind1=" " ind2=" ">
      <subfield code="a">Proyecto final adecuado a la elaboración de un proyecto de inversión empresarial en la localidad de Río Gallegos  - Universidad Nacional de la Patagonia Austral, 2016</subfield>
    </datafield>
    <datafield tag="650" ind1=" " ind2=" ">
      <subfield code="a"> SISTEMAS DE CULTIVO</subfield>
    </datafield>
    <datafield tag="650" ind1=" " ind2=" ">
      <subfield code="a"> CULTIVO HIDROPONICO</subfield>
    </datafield>
    <datafield tag="650" ind1=" " ind2=" ">
      <subfield code="a"> CULTIVO SIN TIERRA</subfield>
    </datafield>
    <datafield tag="942" ind1=" " ind2=" ">
      <subfield code="c">MN</subfield>
    </datafield>
    <datafield tag="952" ind1=" " ind2=" ">
      <subfield code="a">BIB_RECT</subfield>
      <subfield code="b">BIB_UARG</subfield>
      <subfield code="d">2018-05-31</subfield>
      <subfield code="y">MN</subfield>
      <subfield code="p">05-49681</subfield>
      <subfield code="i">05-49681</subfield>
      <subfield code="g">120</subfield>
      <subfield code="o">631.589 V434h</subfield>
      <subfield code="e">Secretaría Académica</subfield>
      <subfield code="8">CG</subfield>
    </datafield>
  </record>