
  <record>
    <leader>01000aam  22002601a 4500</leader>
    <controlfield tag="001">YPZ101555</controlfield>
    <controlfield tag="003">YPZ</controlfield>
    <controlfield tag="005">201807021023330</controlfield>
    <controlfield tag="008">180702|###########||||||b||||||||||spa|d</controlfield>
    <datafield tag="040" ind1=" " ind2=" ">
      <subfield code="c">SIUNPA</subfield>
    </datafield>
    <datafield tag="041" ind1=" " ind2=" ">
      <subfield code="a">spa</subfield>
    </datafield>
    <datafield tag="044" ind1=" " ind2=" ">
      <subfield code="a">AR</subfield>
    </datafield>
    <datafield tag="080" ind1=" " ind2=" ">
      <subfield code="a">616.12 M263e</subfield>
    </datafield>
    <datafield tag="100" ind1=" " ind2=" ">
      <subfield code="a">Mamani, Natalia.</subfield>
    </datafield>
    <datafield tag="245" ind1=" " ind2=" ">
      <subfield code="a">Educación incidental de enfermería para pacientes hipertensos</subfield>
    </datafield>
    <datafield tag="260" ind1=" " ind2=" ">
      <subfield code="a">28 de Noviembre, Santa Cruz</subfield>
      <subfield code="c"> , 2017</subfield>
    </datafield>
    <datafield tag="300" ind1=" " ind2=" ">
      <subfield code="a">21 h. : </subfield>
      <subfield code="b">il. ; </subfield>
      <subfield code="a">44 h. : </subfield>
      <subfield code="b">il. ; </subfield>
      <subfield code="a">42 h. : </subfield>
      <subfield code="a">42 h. : </subfield>
      <subfield code="b">il. ; </subfield>
      <subfield code="a">39 h. : </subfield>
      <subfield code="b">il. ; </subfield>
      <subfield code="a">20 h. : </subfield>
      <subfield code="b">il. ; </subfield>
      <subfield code="a">22 h. : </subfield>
      <subfield code="b">il. ; </subfield>
      <subfield code="a">62 h. : </subfield>
      <subfield code="b">il. ; </subfield>
      <subfield code="a">49 h. : </subfield>
      <subfield code="b">il. ; </subfield>
      <subfield code="a">[48] h. : </subfield>
      <subfield code="b">il. ; </subfield>
      <subfield code="a">41 h. : </subfield>
      <subfield code="b">il. ; </subfield>
      <subfield code="a">1 v. (en varias foliaciones) : </subfield>
      <subfield code="b">il. ; </subfield>
      <subfield code="a">91 h. : </subfield>
      <subfield code="b">il. ; </subfield>
      <subfield code="a">63 h. : </subfield>
      <subfield code="b">il. ; </subfield>
      <subfield code="a">91 h. : </subfield>
      <subfield code="b">il. ; </subfield>
      <subfield code="a">74 h. : </subfield>
      <subfield code="b">il. ; </subfield>
      <subfield code="a">70 h. : </subfield>
      <subfield code="b">il. ; </subfield>
      <subfield code="a">126 h. en varias foliaciones : </subfield>
      <subfield code="b">il. ; </subfield>
      <subfield code="a">[62] h. : </subfield>
      <subfield code="b">il. ; </subfield>
      <subfield code="a">151 h. en varias foliaciones : </subfield>
      <subfield code="b">il. ; </subfield>
      <subfield code="a">106 h. en varias foliaciones : </subfield>
      <subfield code="b">il. ; </subfield>
      <subfield code="a">97 h. : </subfield>
      <subfield code="b">il. ; </subfield>
      <subfield code="a">[187] h. : </subfield>
      <subfield code="b">il. ; </subfield>
      <subfield code="e">1 CD-ROM en bolsillo</subfield>
    </datafield>
    <datafield tag="500" ind1=" " ind2=" ">
      <subfield code="a">En port.: Ingresos a la sala de observación y educación impartida por enfermería a los pacientes con hipertensión arterial crónica, asistidos por guardia en el Hospital San Lucas de 28 de Noviembre en el periodo de septiembre a noviembre del año 2016</subfield>
    </datafield>
    <datafield tag="500" ind1=" " ind2=" ">
      <subfield code="a">Trabajo presentado en la Carrera Licenciatura de Enfermería, UARG - UNPA, 2017</subfield>
    </datafield>
    <datafield tag="650" ind1=" " ind2=" ">
      <subfield code="a"> ENFERMEDADES DEL CORAZON</subfield>
    </datafield>
    <datafield tag="650" ind1=" " ind2=" ">
      <subfield code="a"> HIPERTENSION ARTERIAL</subfield>
    </datafield>
    <datafield tag="650" ind1=" " ind2=" ">
      <subfield code="a"> SERVICIOS DE ENFERMERIA</subfield>
    </datafield>
    <datafield tag="650" ind1=" " ind2=" ">
      <subfield code="a"> ENFERMEROS</subfield>
    </datafield>
    <datafield tag="942" ind1=" " ind2=" ">
      <subfield code="c">MN</subfield>
    </datafield>
    <datafield tag="952" ind1=" " ind2=" ">
      <subfield code="a">BIB_RECT</subfield>
      <subfield code="b">BIB_UARG</subfield>
      <subfield code="d">2018-06-28</subfield>
      <subfield code="y">MN</subfield>
      <subfield code="p">05-49730</subfield>
      <subfield code="i">05-49730</subfield>
      <subfield code="g">360</subfield>
      <subfield code="o">616.12 M263e</subfield>
      <subfield code="e">Sec. Académica</subfield>
      <subfield code="8">CG</subfield>
    </datafield>
  </record>